<?xml version="1.0" encoding="UTF-8"?><collection xmlns="http://www.loc.gov/MARC21/slim"><record><leader>00444nam--2200181-u-4500</leader><controlfield tag="001">000053688</controlfield><controlfield tag="002">20161230</controlfield><controlfield tag="005">20161230201051</controlfield><controlfield tag="008">110511s1000------------r-----000-0-rus-d</controlfield><datafield ind1=" " ind2=" " tag="040"><subfield code="a">IFIN-HH</subfield></datafield><datafield ind1=" " ind2=" " tag="041"><subfield code="a">rus</subfield></datafield><datafield ind1=" " ind2=" " tag="080"><subfield code="a">536.24</subfield></datafield><datafield ind1="1" ind2=" " tag="100"><subfield code="a">Zukauskas, A</subfield></datafield><datafield ind1="1" ind2="0" tag="245"><subfield code="a">Teploobmen v visolotemperaturnom potoke gaza</subfield><subfield code="c">A. zukauskas</subfield></datafield><datafield ind1=" " ind2=" " tag="260"><subfield code="a">Vilnius</subfield><subfield code="b">Mintis</subfield><subfield code="c">1972</subfield></datafield><datafield ind1=" " ind2=" " tag="300"><subfield code="a">231P</subfield></datafield><datafield ind1=" " ind2=" " tag="852"><subfield code="a">76901</subfield><subfield code="c">536</subfield></datafield><datafield ind1=" " ind2=" " tag="CAT"><subfield code="a">Sys</subfield><subfield code="c">20110511</subfield><subfield code="h">162248</subfield></datafield></record></collection>